% This file was created with JabRef 2.10b2.
% Encoding: UTF-8


@Article{Wouter-Van-den-Broeck:2012fk,
  Title                    = {The making of Sixty-Nine Days Of Close Encounters At The Science Gallery},
  Author                   = {{Van den Broeck}, Wouter and Quaggiotto, Marco and Isella, Lorenzo and Barrat, Alain and Cattuto, Ciro},
  Journal                  = {Leonardo},
  Year                     = {2012},

  Month                    = {May},
  Number                   = {3},
  Pages                    = {285-285},
  Volume                   = {45},

  Doi                      = {10.1162/LEON_a_00377},
  Keywords                 = {SocioPatterns: visualization},
  Publisher                = {ISAST},
  Url                      = {http://www.mitpressjournals.org/doi/abs/10.1162/LEON_a_00377}
}

